%% This BibTeX bibliography file was created using BibDesk.
%% http://bibdesk.sourceforge.net/


%% Created for Eric Anderson at 2014-07-16 13:06:41 -0700 


%% Saved with string encoding Unicode (UTF-8) 



@article{Andersonetal2008,
	Author = {Eric C Anderson and Robin S Waples and Steven T Kalinowski},
	Date-Added = {2014-07-16 20:06:15 +0000},
	Date-Modified = {2014-07-16 20:06:15 +0000},
	Journal = {Can J Fish Aquat Sci},
	Pages = {1475--1486},
	Title = {An improved method for predicting the accuracy of genetic stock identification},
	Volume = {65},
	Year = {2008}}
